@article{funred13,
  author  =  "Michał Włodarczyk and Tomasz Lipniacki and Michał Komorowski",
  title   =  "Functional redundancy in the NF-kB signalling pathway",
  journal =  "...",
  year    =  "2013",
  note    =  "http://arxiv.org/abs/1303.3109",
  howpublished = "\url{http://arxiv.org/abs/1303.3109}"
}


@book{infthe90,
  author  = "Thomas M. Cover and Joy A. Thomas",
  title   = "Elements of Information Theory" ,
  publisher = "Wiley Series in Telecommunications",
  year    = "1991"
}

@book{ssmcm13,
  author  = "Carl Graham and Denis Talay",
  title   = "Stochastic Simulation and Monte Carlo Methods" ,
  publisher = "Springer",
  year    = "2013"
}

@book{code00,
  author  = "Gareth A. Jones and J. Mary Jones",
  title   = "Information and Coding Theory",
  publisher  = "Springer",
  year    = "2000"
}

@misc{stat11,
    author    = "Wojciech Niemiro",
    title     = "Statystyka",
    howpublished = "Wydział Matematyki i Informatyki, Uniwersytet Mikołaja Kopernika, Toruń
    oraz Instytut Matematyki i Mechaniki, Uniwersytet Warszawski",
    year     = "2011",
    url    = "http://www.mimuw.edu.pl/~wniem/Statystyka.pdf"
}

@misc{ssmmc13,
    author    = "Wojciech Niemiro",
    title     = "Symulacje stochastyczne i metody Monte Carlo",
    howpublished = "Wydział Matematyki i Informatyki, Uniwersytet Mikołaja Kopernika, Toruń
    oraz Instytut Matematyki i Mechaniki, Uniwersytet Warszawski",
    year     = "2013",
    url    = "http://mst.mimuw.edu.pl/wyklady/sst/wyklad.pdf"
}

@article{fi93,
  author  = "V. Papathanasiou ",
  title   = "Some Characteristic Properties of the Fisher Information Matrix via Cacoullos-Type Inequalities",
  journal = "Journal of Multivariate Analysis",
  year    = "1993"
}

@article{hsr93,
  author  = "Georgopoulos, C. and Welch, W. J",
  title   = "Role of the major heat shock proteins as molecular chaperones.",
  journal = "Ann. Rev. Cell Biol.",
  year    = "1993",
  volume  = "9",
  pages   = "670--684"
}

@article{hsr13,
  author  = "Mikołaj Rybiński and Zuzanna Szymańska and Sławomir Lasota and Anna Gambin",
  title   = "Modelling the efficency of hyperthermia treatment.",
  journal = "J. R. Soc. Interface",
  year    = "2013",
  volume  = "10"
}

@misc{mvn,
  author = "Robert B. Ash",
  title  =  "Lecture 21. The Multivariate Normal Distribution",
  howpublished = "University of Illinois",
  url    = "http://www.math.uiuc.edu/~r-ash/Stat/StatLec21-25.pdf"
}

@article{uncertainty13,
  author  = "J. Vanlier and C.A. Tiemann and P.A.J. Hilbers and N.A.W. van Riel",
  title   = "Parameter uncertainty in biochemical models described by ordinary differential equations",
  journal = "Mathematical Biosciences",
  year    = "2013",
  volume  = "246",
  pages   = "305--314"
}

@article{computionalbiology13,
  author  = "Kitano H",
  title   = "Computational systems biology",
  journal = "Nature",
  year    = "2002",
  number  = "14",
  volume  = "420",
  pages   = "206-10"

}

@article{networknotfis06,
  author  = "Ingram PJ1 and Stumpf MP and Stark J.",
  title   = "Network motifs: structure does not determine function.",
  journal = "BMC Genomics",
  year    = "2006",
  volume  = "5",
  pages   = "7:108"
}


@article{sensitivities07,
  author  = "Ryan N Gutenkunst and  Joshua J Waterfall and  Fergal P Casey and  Kevin S Brown and Christopher R Myers and James P Sethna",
  title   = "Universally Sloppy Parameter Sensitivities in Systems Biology Models",
  journal = "pcbi",
  month   = "October",
  year    = "2007",
  volume  = "5"
}

@article{redcomb03,
  author  = "K.S. Brown and J.P. Sethna.",
  title   = "Statistical mechanical approaches to models with many poorly known parameters.",
  journal = "Physical Review",
  year    = "2003",
  volume  = "68"
}

@article{nfkb04,
  author  = "T. Lipniacki and P. Paszek and A.R. Brasier and B. Luxon and M Kimmel",
  title   = "Mathematical model of NF-kB regulatory module",
  journal = "Journal of Theoretical Biology",
  year    = "2004",
  volume  = "228",
  pages   = "195–215"
}

@article{redcomb04,
  author  = "D. A. Rand and B. V. Shulgin and D. Salazar and A. J. Millar.",
  title   = "Design principles underlying circadian clocks",
  journal = "The Royal Society, Interface",
  year    = "2004",
  volume  = "1"
}

@article{cycle05,
  author  = "Locke JCW and Southern MM and Kozma-Bognr L and Hibberd V and Brown PE, et al. (2005)",
  title   = "Extension of a genetic network model by iterative experimentation and mathematical analysis.",
  journal = "Molecular Systems Biology",
  year    = "2005",
  volume  = "10"
}


@article{robust06,
  author  = "Kim J1 and Bates DG and Postlethwaite I and Ma L and Iglesias PA",
  title   = "Robustness analysis of biochemical network models.",
  journal = "Systems Biology, IEE Proceedings",
  month   = "May",
  year    = "2006",
  volume  = "156",
  pages   = "96--104"
}


@article{model13,
  author  = "Kevin A. Janes and Douglas A. Lauffenburger",
  title   = "Modles of signalling networks - what cell biologists can gain from them and give to them",
  journal = "Journal of Cell Science",
  year    = "2013",
  volume  = "126",
  pages   = "1913--1921"
}


@article{samethods94,
  author  = "D. M. Hamby",
  title   = "A review of techniques for parameter sensitivity analysis of environmental models",
  journal = "Environmental Monitoring and Assessment",
  year    = "1994",
  volume  = "32",
  issue   = "2",
  pages   = "135--154"
 }

 
@article{global,
  author  = "",
  title   = "",
  journal = "",
  year    = "",
  volume  = "",
  pages   = ""
}

@article{sobol11,
  author  = "Jiri Nossent and Pieter Elsen and Willy Bauwens",
  title   = "Sobol’ sensitivity analysis of a complex environmental model",
  journal = "Environmental Modelling and Software",
  year    = "2011",
  volume  = "26",
  issue   = "12",
  pages   = "1515--1525"
}

@article{global07,
  author  = "Y. Tang and P. Reed and T. Wagener and K. van Werkhoven",
  title   = "Comparing sensitivity analysis methods to advance lumped watershed model identification and evaluation",
  journal = "Hydrol. Earth Syst. Sci.",
  year    = "2007",
  volume  = "11",
  pages   = "793--817"
}


@article{itmolbio09,
    author    = "Francesco Fabris",
    title     = "Shannon Information Theory and Molecular Biology",
    journal   = "Journal of Interdisciplinary Mathematics",
    year      =  "2009",
    volume    =  "12",
    number    =  "1",
    pages     =  "41--87"
}

@article{shannon48,
  added-at = {2013-12-17T10:51:05.000+0100},
  author = {Shannon, Claude},
  biburl = {http://www.bibsonomy.org/bibtex/244eefdcbe008f7f0406568a9bc9f896e/jullybobble},
  interhash = {754130207906fcec16a53d330eeff348},
  intrahash = {44eefdcbe008f7f0406568a9bc9f896e},
  journal = {Bell System Technical Journal},
  key = {Shannon},
  keywords = {intro phd},
  month = {July, October},
  pages = {379--423, 623--656},
  timestamp = {2013-12-17T10:51:05.000+0100},
  title = {A Mathematical Theory of Communication},
  url = {http://cm.bell-labs.com/cm/ms/what/shannonday/shannon1948.pdf},
  volume = 27,
  year = 1948
}

@article{ident85,
    author    = "John A. Jacquez and Peter Greif",
    title     = "Numerical parameter identifiability and estimability: Integrating identifiability, estimability, and optimal sampling design",
    journal   = "Mathematical Biosciences",
    year      =  "1985",
    volume    =  "77",
    issues    =  "1--2",
    pages     =  "201--227"
}

@article{socs08,
    author    =  "Ben A. Croker and Hiu Kiu and Sandra E. Nicholson",
    title     =  "SOCS Regulation of the JAK/STAT Signalling Pathway",
    journal   =  "Seminars in Cell and Developmental Biology",
    month     =  "August",
    year      =  "2008",
    volume    =  "19",
    issue     =  "4",
    pages     =  "414--422"
}


@article{jakstateuc02,
    author    =  "Kisseleva T. and Bhattacharya S. and Braunstein J. nad Schindler C.W.",
    title     =  "Signaling through the JAK/STAT pathway, recent advances and future challenges.",
    journal   =  "Gene",
    month     =  "February",
    year      =  "2002",
    volume    =  "285",
    issues     =  "1--2",
    pages     =  "1--24"
}

@article{jakstatfun04,
    author    =  "Hua Yu and Richard Jove",
    title     =  "The STATs of cancer -- new molecular targets come of age",
    journal   =  "Nature Reviews Cancer",
    month     =  "February",
    year      =  "2004",
    volume    =  "4",
    pages     =  "97--105"
}


@article{jakstatimmune03,
    author    =  "Ke Shuai and Bin Liu",
    title     =  "Regulation of JAK--STAT signalling in the immune system",
    journal   =  "Nature Reviews Immunology",
    month     =  "November",
    year      =  "2003",
    volume    =  "3",
    pages     =  "900--911"
}

@article{jakstatcancer11,
    author    =  "Ana P Costa-Pereira and Nair A Bonito and Michael J Seckl",
    title     =  "Dysregulation of janus kinases and signal transducers and activators of transcription in cancer",
    journal   =  "American Journal of Cancer Research",
    year      =  "2011",
    volume    =  "1",
    issue     =  "6",
    pages     =  "806--811"
}

@article{jakstatyamada03,
    author    =  "Yamada S. and Shiono S. et al.",
    title     =  "Control mechanism of JAK/STAT. signal transduction pathway",
    journal   =  "FEBS. letters",
    year      =  "2003",
    volume    =  "534",
    pages     =  "190--196"
}

@article{jakstatshudo07,
    author    =  "Shudo E. and Yang J. et al.",
    title     =  "Robustness of the signal transduction system of the mammalian JAK/STAT. pathway and dimerization steps",
    journal   =  "Journal of Theoretical Biology",
    year      =  "2007",
    volume    =  "246",
    pages     =  "1--9"
}
 

@article{jakstatkrause06,
    author    =  "Krause CD and Lavnikova N and Xie J and Mei E and Mirochnitchenko OV and Jia Y and Hochstrasser RM and Pestka S.",
    title     =  "Preassembly and ligand-induced restructuring of the chains of the IFN-gamma receptor complex: the roles of Jak kinases, Stat1 and the receptor chains",
    journal   =  "Cell Research",
    month     =  "January",
    year      =  "2006",
    volume    =  "16",
    issue     =  "1",
    pages     =  "55--69"
}


@article{jakstat12,
    author    =  "Mikołaj Rybinski and Anna Gambin",
    title     =  "Model-based selection of the robust JAK-STAT activation mechanism",
    journal   =  "Journal of Theoretical Biology",
    year      =  "2012",
    volume    =  "309",
    pages     =  "34--36"
}

Bioinformatics. 2003 Mar 1;19(4):524-31.
The systems biology markup language (SBML): a medium for representation and exchange of biochemical network models.
Hucka M1, Finney A, Sauro HM, Bolouri H, Doyle JC, Kitano H, Arkin AP, Bornstein BJ, Bray D, Cornish-Bowden A, Cuellar AA, Dronov S, Gilles ED, Ginkel M, Gor V, Goryanin II, Hedley WJ, Hodgman TC, Hofmeyr JH, Hunter PJ, Juty NS, Kasberger JL, Kremling A, Kummer U, Le Novère N, Loew LM, Lucio D, Mendes P, Minch E, Mjolsness ED, Nakayama Y, Nelson MR, Nielsen PF, Sakurada T, Schaff JC, Shapiro BE, Shimizu TS, Spence HD, Stelling J, Takahashi K, Tomita M, Wagner J, Wang J; SBML Forum.

@article{sbml03,
    author    =  "Hucka M and Finney A and Sauro HM and Bolouri H and
    Doyle JC and Kitano H and Arkin AP and Bornstein BJ and Bray D and Cornish-Bowden A and
    Cuellar AA and Dronov S and Gilles ED and Ginkel M and Gor V and Goryanin II and Hedley WJ and
    Hodgman TC and Hofmeyr JH and Hunter PJ and Juty NS and Kasberger JL and Kremling A and
    Kummer U and Le Novère N and Loew LM and Lucio D and Mendes P and
    Minch E and Mjolsness ED and Nakayama Y and Nelson MR and Nielsen PF and Sakurada T and
    Schaff JC and Shapiro BE and Shimizu TS and Spence HD and Stelling J and Takahashi K and
    Tomita M and Wagner J and Wang J and SBML Forum.",
    title     =  "The systems biology markup language (SBML): a medium for representation and exchange of biochemical network models.",
    journal   =  "Bioinformatics",
    month     =  "March",
    year      =  "2003",
    volume    =  "19",
    issue     =  "4",
    pages     =  "524--555"
}

@article{hsr05,
    author    =  "Mayer MP and Bukau B",
    title     =  "Hsp70 chaperones: Cellular functions and molecular mechanism",
    journal   =  "Cell Mol Life Sci.",
    month     =  "March",
    year      =  "2005",
    volume    =  "62",
    number     =  "6",
    pages     =  "670--684"
}

@article{treatment02,
    author    =  "J. van der Zee",
    title     =  "Heating the patient: a promising approach?",
    journal   =  "Annals of Oncology",
    year      =  "2002",
    volume    =  "13",
    pages     =  "1173--1184"
}

@article{toxic11,
    author    =  "Nickolay Neznanov and Andrei P. Komarov and Lubov Neznanova and Patricia Stanhope-Baker and Andrei V. Gudkov",
    title     =  "Proteotoxic stress targeted therapy (PSTT): induction of protein misfolding enhances the antitumor effect of the proteasome inhibitor bortezomib",
    journal   =  "Oncotarget",
    month     =  "March",
    year      =  "2011",
    volume    =  "2",
    number     =  "3",
    pages     =  "209--221"
}

@book{rs3,
  author  = "Chambers, John M.",
  title   = "Software for Data Analysis. Programming with R." ,
  publisher = "Springer",
  year    = "2008"
}

@article{pom,
    author    =  "",
    title     =  "",
    journal   =  "",
    month     =  "",
    year      =  "",
    volume    =  "",
    issue     =  "",
    pages     =  ""
}
